@book{benari:logic,
  author    = {Mordechai Ben-Ari},
  title     = {Mathematical logic for computer science (2. ed.)},
  publisher = {Springer},
  year      = {2001},
  isbn      = {978-1-85233-319-5},
  pages     = {I-XIV, 1-304},
  bibsource = {DBLP, http://dblp.uni-trier.de}
}
